<?xml version="1.0" encoding="UTF-8"?><collection xmlns="http://www.loc.gov/MARC21/slim"><record><leader>00636nam--2200181-i-4500</leader><controlfield tag="001">000019907</controlfield><controlfield tag="002">20161230</controlfield><controlfield tag="005">20161230201033</controlfield><controlfield tag="008">060222s1000------------r-----000-0-fre-d</controlfield><datafield ind1=" " ind2=" " tag="040"><subfield code="a">IFIN-HH</subfield></datafield><datafield ind1=" " ind2=" " tag="041"><subfield code="a">fre</subfield></datafield><datafield ind1=" " ind2=" " tag="080"><subfield code="a">539.188(043)</subfield></datafield><datafield ind1="1" ind2=" " tag="100"><subfield code="a">Eminyan,Marcel</subfield></datafield><datafield ind1="1" ind2="0" tag="245"><subfield code="a">Distribution angulaire du rayonnement dipolaire atomique, mesures relatives d'amplitudes de probabilite de diffusion d'electrons d'energies intermediaires (40 ev - a 200 ev) par collisions avec des atomes d'helium</subfield><subfield code="b">These</subfield><subfield code="c">Marcel eminyan</subfield></datafield><datafield ind1=" " ind2=" " tag="260"><subfield code="a">Paris</subfield><subfield code="b">Universite</subfield><subfield code="c">1975</subfield></datafield><datafield ind1=" " ind2=" " tag="300"><subfield code="a">165 P</subfield></datafield><datafield ind1=" " ind2=" " tag="852"><subfield code="a">48470</subfield><subfield code="c">539.18</subfield></datafield><datafield ind1=" " ind2=" " tag="CAT"><subfield code="a">Sys</subfield><subfield code="c">20120704</subfield><subfield code="h">162223</subfield></datafield></record></collection>